
@article{chatskikh2005simulation,
  title={{Simulation of Effects of Soils, Climate and Management on N2O Emission from Grasslands}},
  author={Chatskikh, D. and Olesen, J.E. and Berntsen, J. and Regina, K. and Yamulki, S.},
  journal={Biogeochemistry},
  volume={76},
  number={3},
  pages={395--419},
  year={2005},
  publisher={Springer},
  note={\url{{http://www.springerlink.com/content/72p147235x087869/fulltext.pdf}}
}

@article{jansson2001coupled,
  title={{A coupled model of water, heat and mass transfer using object orientation to improve flexibility and functionality}},
  author={Jansson, P.E. and Moon, D.S.},
  journal={Environmental Modelling and Software},
  volume={16},
  number={1},
  pages={37--46},
  year={2001},
  publisher={Elsevier},
  note={\url{http://www.sciencedirect.com/science/article/pii/S1364815200000621}}
}

@article{jansson2004CoupModel,
  title={{Coupled heat and mass transfer model for soil-plant-atmosphere systems}},
  author={Jansson, P.E. and Karlberg, L.}, 
  year={2004},
 note={\url{ftp://www.lwr.kth.se/CoupModel/CoupModel.pdf}}
}

@article{addiscott1991simulation,
  title={{Simulation of solute leaching in soils of differing permeabilities}},
  author={Addiscott, TM and Whitmore, AP},
  journal={Soil Use and Management},
  volume={7},
  number={2},
  pages={94--102},
  year={1991},
  publisher={Wiley Online Library},
  note={{\url{http://onlinelibrary.wiley.com/doi/10.1111/j.1475-2743.1991.tb00856.x/pdf}}
}

@article{hansen1991simulation,
  title={{Simulation of nitrogen dynamics and biomass production in winter wheat using the Danish simulation model DAISY}},
  author={Hansen, S. and Jensen, HE and Nielsen, NE and Svendsen, H.},
  journal={Nutrient Cycling in Agroecosystems},
  volume={27},
  number={2},
  pages={245--259},
  year={1991},
  publisher={Springer},
  note={\url{http://www.springerlink.com/content/tx5m7481m8025315/fulltext.pdf}}
}

@article{olesen2002crop,
  title={{Crop nitrogen demand and canopy area expansion in winter wheat during vegetative growth}},
  author={Olesen, J.E. and Berntsen, J. and Hansen, E.M. and Petersen, B.M. and Petersen, J.},
  journal={European journal of agronomy},
  volume={16},
  number={4},
  pages={279--294},
  year={2002},
  publisher={Elsevier},
  note={\url{http://www.sciencedirect.com/science/article/pii/S1161030101001344}}
}

@article{olesen2002comparison,
  title={{Comparison of methods for simulating effects of nitrogen on green area index and dry matter growth in winter wheat}},
  author={Olesen, J.E. and Petersen, B.M. and Berntsen, J. and Hansen, S. and Jamieson, PD and Thomsen, AG},
  journal={Field Crops Research},
  volume={74},
  number={2-3},
  pages={131--149},
  year={2002},
  publisher={Elsevier},
  note={\url{http://www.sciencedirect.com/science/article/pii/S0378429001002040}}
}

@article{olesen2000sensitivity,
  title={{Sensitivity of field-scale winter wheat production in Denmark to climate variability and climate change}},
  author={Olesen, J.E. and Jensen, T. and Petersen, J.},
  journal={Climate Research},
  volume={15},
  number={3},
  pages={221--238},
  year={2000},
  publisher={INTER-RESEARCH},
  note={\url{http://www.int-res.com/articles/cr/15/c015p221.pdf}}
}

@article{olesen2004simulation,
  title={{Simulation of above-ground suppression of competing species and competition tolerance in winter wheat varieties}},
  author={Olesen, J.E. and Hansen, P.K. and Berntsen, J. and Christensen, S.},
  journal={Field crops research},
  volume={89},
  number={2-3},
  pages={263--280},
  year={2004},
  publisher={Elsevier},
  note={\url{http://www.sciencedirect.com/science/article/pii/S0378429004000395}}
}

@article{berntsen2005simulation,
  title={{Simulation of residual effects and nitrate leaching after incorporation of different ley types}},
  author={Berntsen, J. and Petersen, B.M. and Olesen, J.E. and Eriksen, J. and Soegaard, K.},
  journal={European journal of agronomy},
  volume={23},
  number={3},
  pages={290--304},
  year={2005},
  publisher={Elsevier},
  note={\url{http://www.sciencedirect.com/science/article/pii/S1161030105000201}}
}

@article{plenet1999relationships,
  title={{Relationships between dynamics of nitrogen uptake and dry matter accumulation in maize crops. Determination of critical N concentration}},
  author={Pl{\'e}net, D. and Lemaire, G.},
  journal={Plant and Soil},
  volume={216},
  number={1},
  pages={65--82},
  year={1999},
  publisher={Springer},
  note={\url{http://www.springerlink.com/content/l66135658n323100/fulltext.pdf}}
}

@article{colnenne1998determination,
  title={{Determination of a critical nitrogen dilution curve for winter oilseed rape}},
  author={Colnenne, C. and Meynard, JM and Reau, R. and Justes, E. and Merrien, A.},
  journal={Annals of Botany},
  volume={81},
  number={2},
  pages={311},
  year={1998},
  publisher={Annals Botany Co},
  note={\url{http://aob.oxfordjournals.org/content/81/2/311.full.pdf}}
}

@article{marino2004nitrogen,
  title={{Nitrogen dilution curves and nitrogen use efficiency during winter--spring growth of annual ryegrass}},
  author={Marino, M.A.M. and Assuero, A. and Gastal, S.G. and Echeverr{\'\i}a, F. and Andrade, H.E. and others},
  journal={Agronomy journal},
  volume={96},
  number={3},
  pages={601},
  year={2004},
  publisher={American Society of Agronomy},
  note={\url{https://www.soils.org/publications/aj/pdfs/96/3/0601}}
}

@article{bleken2009spn,
  title={{SPN: A model for the study of soil-plant nitrogen fluxes in silage maize cultivation}},
  author={Bleken, M.A. and Herrmann, A. and Haugen, L.E. and Taube, F. and Bakken, L.},
  journal={European Journal of Agronomy},
  volume={30},
  number={4},
  pages={283--295},
  year={2009},
  publisher={Elsevier},
  note={\url{http://www.sciencedirect.com/science/article/pii/S1161030109000033}}
}

@article{justes1994determination,
  title={{Determination of a critical nitrogen dilution curve for winter wheat crops}},
  author={Justes, E. and Mary, B. and Meynard, J.M. and Machet, J.M. and Thelier-Huche, L.},
  journal={Annals of Botany},
  volume={74},
  number={4},
  pages={397},
  year={1994},
  publisher={Annals Botany Co},
  note={\url{http://aob.oxfordjournals.org/content/74/4/397.full.pdf}}
}

@article{hansen1990npo,
  title={{NPo-research, A10: DAISY: Soil Plant Atmosphere System Model}},
  author={Hansen, S. and Jensen, HE and Nielsen, NE and Svendsen, H.},
  year={1990},
  publisher={Milj{\o}styrelsen},
  note={\url{http://daisy-model.googlecode.com/files/87-503-8790-1.pdf}}
}

@article{DaisyDescription,
  title={{Daisy, a flexible Soil-Plant-Atmosphere system Model}},
  author={Hansen, S.},
  note={\url{ftp://ftp.dina.kvl.dk/pub/daisy/DaisyDescription.pdf}}
}

@article{wu1999simulation,
  title={{Simulation of nitrogen uptake, fixation and leaching in a grass/white clover mixture}},
  author={Wu, L. and McGechan, MB},
  journal={Grass and Forage Science},
  volume={54},
  number={1},
  pages={30--41},
  year={1999},
  publisher={Wiley Online Library},
  note={\url{http://onlinelibrary.wiley.com/doi/10.1046/j.1365-2494.1999.00145.x/pdf}}
}

@article{liu2011models,
  title={{Models of biological nitrogen fixation of legumes. A review}},
  author={Liu, Y. and Wu, L. and Baddeley, J.A. and Watson, C.A.},
  journal={Agronomy for sustainable development},
  volume={31},
  number={1},
  pages={155--172},
  year={2011},
  publisher={Springer},
  note={\url{http://www.springerlink.com/content/kq48462382xn2v89/fulltext.pdf}}
}

@article{berntsen2004modelling,
  title={{Modelling dry matter production and resource use in intercrops of pea and barley}},
  author={Berntsen, J. and Hauggard-Nielsen, H. and Olesen, J.E. and Petersen, B.M. and Jensen, E.S. and Thomsen, A.},
  journal={Field crops research},
  volume={88},
  number={1},
  pages={69--83},
  year={2004},
  publisher={Elsevier},
  note={\url{http://www.sciencedirect.com/science/article/pii/S037842900300265X}}
}

@article{sommer2000modelling,
  title={Modelling ammonia volatilization from animal slurry applied with trail hoses to cereals},
  author={Sommer, S.G. and Olesen, J.E.},
  journal={Atmospheric Environment},
  volume={34},
  number={15},
  pages={2361--2372},
  year={2000},
  publisher={Elsevier},
    note={\url{http://www.sciencedirect.com/science/article/pii/S1352231099004422}}
}